<record><leader>00000cas a22000007a 4500</leader><controlfield tag="001">24111847</controlfield><controlfield tag="008">910722d19611961mnuwr ne      0    0eng d</controlfield><datafield ind1=" " ind2=" " tag="010"><subfield code="a">sn 91059343 </subfield></datafield><datafield ind1=" " ind2=" " tag="040"><subfield code="a">MN#</subfield><subfield code="b">eng</subfield><subfield code="c">MN#</subfield><subfield code="d">OCLCQ</subfield><subfield code="d">OCLCF</subfield><subfield code="d">OCLCO</subfield></datafield><datafield ind1="1" ind2=" " tag="029"><subfield code="a">AU@</subfield><subfield code="b">000025892284</subfield></datafield><datafield ind1=" " ind2=" " tag="042"><subfield code="a">msc</subfield></datafield><datafield ind1=" " ind2=" " tag="043"><subfield code="a">n-us-mn</subfield></datafield><datafield ind1=" " ind2=" " tag="052"><subfield code="a">4144</subfield><subfield code="b">W7</subfield></datafield><datafield ind1=" " ind2=" " tag="052"><subfield code="a">4143</subfield><subfield code="b">C7</subfield></datafield><datafield ind1="0" ind2="4" tag="245"><subfield code="a">The Cottonwood County citizen and the twin county shopper.</subfield></datafield><datafield ind1="3" ind2="0" tag="246"><subfield code="a">Cottonwood County citizen and the Windom reporter</subfield></datafield><datafield ind1=" " ind2=" " tag="260"><subfield code="a">Windom, Cottonwood County, Minn. :</subfield><subfield code="b">R.S. Bergstrom, G.M. and D.L. Keith,</subfield><subfield code="c">1961.</subfield></datafield><datafield ind1=" " ind2=" " tag="300"><subfield code="a">1 v.</subfield></datafield><datafield ind1=" " ind2=" " tag="310"><subfield code="a">Weekly</subfield></datafield><datafield ind1="0" ind2=" " tag="362"><subfield code="a">Vol. 79, no. 23 (June 7, 1961)-v. 79, no. 45 (Nov. 8, 1961).</subfield></datafield><datafield ind1=" " ind2=" " tag="500"><subfield code="a">Published as: The Cottonwood County citizen and the Windom reporter, July 5, 1961, and Sept. 6, 1961.</subfield></datafield><datafield ind1=" " ind2=" " tag="530"><subfield code="a">Available on microfilm from the Minnesota Historical Society.</subfield></datafield><datafield ind1=" " ind2="0" tag="651"><subfield code="a">Cottonwood County (Minn.)</subfield><subfield code="v">Newspapers.</subfield></datafield><datafield ind1=" " ind2="7" tag="655"><subfield code="a">Newspapers.</subfield><subfield code="2">fast</subfield><subfield code="0">(OCoLC)fst01423814</subfield></datafield><datafield ind1=" " ind2="7" tag="651"><subfield code="a">Minnesota</subfield><subfield code="z">Cottonwood County.</subfield><subfield code="2">fast</subfield><subfield code="0">(OCoLC)fst01209842</subfield></datafield><datafield ind1=" " ind2=" " tag="752"><subfield code="a">United States</subfield><subfield code="b">Minnesota</subfield><subfield code="c">Cottonwood</subfield><subfield code="d">Windom.</subfield></datafield><datafield ind1="0" ind2="0" tag="780"><subfield code="t">Cottonwood County citizen (Windom, Minn. : 1882)</subfield><subfield code="w">(DLC)sn 91059341</subfield></datafield><datafield ind1="0" ind2="7" tag="785"><subfield code="t">Windom reporter</subfield><subfield code="w">(DLC)sn 85025617</subfield></datafield><datafield ind1="0" ind2="7" tag="785"><subfield code="t">Cottonwood County citizen and the Windom reporter</subfield><subfield code="w">(DLC)sn 91059342</subfield></datafield></record>